@inproceedings{liu2008isolation,
  title={Isolation forest},
  author={Liu, Fei Tony and Ting, Kai Ming and Zhou, Zhi-Hua},
  booktitle={2008 Eighth IEEE International Conference on Data Mining},
  pages={413--422},
  year={2008},
  organization={IEEE}
}

@article{tallam2025cybersentinel,
  title={CyberSentinel: An Emergent Threat Detection System for AI Security},
  author={Tallam, Krti},
  journal={arXiv preprint arXiv:2502.14966},
  year={2025}
}

@misc{osama_ssh_kaggle,
  author = {Osama C.},
  title = {SSH Logs with Attack Classification},
  year = {2020},
  publisher = {Kaggle},
  url = {https://www.kaggle.com/datasets/osamac/ssh-logs-with-attack-classification}
}

@article{chandola2009anomaly,
  title={Anomaly detection: A survey},
  author={Chandola, Varun and Banerjee, Arindam and Kumar, Vipin},
  journal={ACM computing surveys (CSUR)},
  volume={41},
  number={3},
  pages={1--58},
  year={2009},
  publisher={ACM New York, NY, USA}
}

@inproceedings{sommer2010outside,
  title={Outside the closed world: On using machine learning for network intrusion detection},
  author={Sommer, Robin and Paxson, Vern},
  booktitle={2010 IEEE symposium on security and privacy},
  pages={305--316},
  year={2010},
  organization={IEEE}
}

@article{garcia2009anomaly,
  title={Anomaly-based network intrusion detection: Techniques, systems and challenges},
  author={Garcia-Teodoro, Pedro and Diaz-Verdejo, Jesus and Maci{\'a}-Fern{\'a}ndez, Gabriel and V{\'a}zquez, Enrique},
  journal={Computers \& security},
  volume={28},
  number={1-2},
  pages={18--28},
  year={2009},
  publisher={Elsevier}
}

@article{ahmed2016survey,
  title={A survey of network anomaly detection techniques},
  author={Ahmed, Mohiuddin and Mahmood, Abdun Naser and Islam, Md Rafiqul},
  journal={Journal of Network and Computer Applications},
  volume={60},
  pages={19--31},
  year={2016},
  publisher={Elsevier}
}

@article{shone2018deep,
  title={A deep learning approach to network intrusion detection},
  author={Shone, Nathan and Ngoc, Tran Nguyen and Phai, Vu Dinh and Shi, Qi},
  journal={IEEE Transactions on Emerging Topics in Computational Intelligence},
  volume={2},
  number={1},
  pages={41--50},
  year={2018},
  publisher={IEEE}
}

@inproceedings{ester1996dbscan,
  title={A density-based algorithm for discovering clusters in large spatial databases with noise.},
  author={Ester, Martin and Kriegel, Hans-Peter and Sander, J{\"o}rg and Xu, Xiaowei},
  booktitle={Kdd},
  volume={96},
  pages={226--231},
  year={1996}
}

@inproceedings{scholkopf2001estimating,
  title={Estimating the support of a high-dimensional distribution},
  author={Sch{\"o}lkopf, Bernhard and Platt, John C and Shawe-Taylor, John and Smola, Alex J and Williamson, Robert C},
  journal={Neural computation},
  volume={13},
  number={7},
  pages={1443--1471},
  year={2001},
  publisher={MIT Press}
}

@article{gama2014survey,
  title={A survey on concept drift adaptation},
  author={Gama, Jo{\~a}o and {\v{Z}}liobait{\.e}},
  journal={ACM computing surveys (CSUR)},
  volume={46},
  number={4},
  pages={1--37},
  year={2014},
  publisher={ACM New York, NY, USA}
}

@inproceedings{carlini2019evaluating,
  title={On evaluating the robustness of neural networks},
  author={Carlini, Nicholas and Athalye, Anish and Papernot, Nicolas and Wagner, David and Goodfellow, Ian},
  journal={arXiv preprint arXiv:1902.06705},
  year={2019}
}

@inproceedings{lundberg2017unified,
  title={A unified approach to interpreting model predictions},
  author={Lundberg, Scott M and Lee, Su-In},
  booktitle={Advances in neural information processing systems},
  volume={30},
  year={2017}
}

@article{lecun2015deep,
  title={Deep learning},
  author={LeCun, Yann and Bengio, Yoshua and Hinton, Geoffrey},
  journal={nature},
  volume={521},
  number={7553},
  pages={436--444},
  year={2015},
  publisher={Nature Publishing Group}
}

@article{zhao2019intrusion,
  title={Intrusion detection system using deep learning and data preprocessing},
  author={Zhao, Rui and Zhang, Hancheng and Liu, Jialin and Yan, Ke},
  journal={Sensors},
  volume={19},
  number={21},
  pages={4754},
  year={2019},
  publisher={MDPI}
}

@article{kim2016long,
  title={Long short term memory recurrent neural network classifier for intrusion detection},
  author={Kim, Jihyun and Kim, Jaehyun and Thu, Huong Le Thi and Kim, Howon},
  booktitle={2016 International conference on platform technology and service (PlatCon)},
  pages={1--5},
  year={2016},
  organization={IEEE}
}